<record><leader>00000cas a2200000 a 4500</leader><controlfield tag="001">40942649</controlfield><controlfield tag="008">990311d189u19uumiuwr n       0    0eng c</controlfield><datafield ind1=" " ind2=" " tag="010"><subfield code="a">sn 99065378 </subfield></datafield><datafield ind1=" " ind2=" " tag="040"><subfield code="a">MHN</subfield><subfield code="b">eng</subfield><subfield code="c">MHN</subfield><subfield code="d">OCL</subfield><subfield code="d">OCLCQ</subfield><subfield code="d">OCLCO</subfield></datafield><datafield ind1="1" ind2=" " tag="029"><subfield code="a">AU@</subfield><subfield code="b">000020041886</subfield></datafield><datafield ind1=" " ind2=" " tag="042"><subfield code="a">pcc</subfield></datafield><datafield ind1=" " ind2=" " tag="043"><subfield code="a">n-us-mi</subfield></datafield><datafield ind1="0" ind2=" " tag="130"><subfield code="a">Lexington news (Lexington, Mich.)</subfield></datafield><datafield ind1="1" ind2="4" tag="245"><subfield code="a">The Lexington news.</subfield></datafield><datafield ind1=" " ind2=" " tag="260"><subfield code="a">Lexington, Mich. :</subfield><subfield code="b">J.H. Keyes</subfield></datafield><datafield ind1=" " ind2=" " tag="300"><subfield code="a">v.</subfield></datafield><datafield ind1=" " ind2=" " tag="310"><subfield code="a">Weekly</subfield></datafield><datafield ind1=" " ind2=" " tag="588"><subfield code="a">Description based on: Vol. 4, no. 20 (Oct. 7, 1898).</subfield></datafield><datafield ind1=" " ind2="0" tag="651"><subfield code="a">Lexington (Mich.)</subfield><subfield code="v">Newspapers.</subfield></datafield><datafield ind1=" " ind2="0" tag="651"><subfield code="a">Sanilac County</subfield><subfield code="v">Newspapers.</subfield></datafield><datafield ind1=" " ind2=" " tag="752"><subfield code="a">United States</subfield><subfield code="b">Michigan</subfield><subfield code="c">Sanilac</subfield><subfield code="d">Lexington.</subfield></datafield></record>